<record><leader>00000cas a2200000 a 4500</leader><controlfield tag="001">12271677</controlfield><controlfield tag="008">850717d18511860miuwr ne      0    0eng c</controlfield><datafield ind1=" " ind2=" " tag="010"><subfield code="a">sn 85026550 </subfield></datafield><datafield ind1=" " ind2=" " tag="040"><subfield code="a">NPX</subfield><subfield code="b">eng</subfield><subfield code="c">NPX</subfield><subfield code="d">MHN</subfield><subfield code="d">OCL</subfield><subfield code="d">OCLCQ</subfield><subfield code="d">OCLCF</subfield><subfield code="d">OCLCO</subfield><subfield code="d">OCLCA</subfield></datafield><datafield ind1="1" ind2=" " tag="029"><subfield code="a">AU@</subfield><subfield code="b">000004368726</subfield></datafield><datafield ind1=" " ind2=" " tag="042"><subfield code="a">pcc</subfield></datafield><datafield ind1=" " ind2=" " tag="043"><subfield code="a">n-us-mi</subfield></datafield><datafield ind1="0" ind2=" " tag="130"><subfield code="a">Pontiac gazette (Pontiac, Mich. : 1851)</subfield></datafield><datafield ind1="1" ind2="0" tag="245"><subfield code="a">Pontiac gazette.</subfield></datafield><datafield ind1="1" ind2="3" tag="246"><subfield code="a">Pontiac weekly gazette</subfield></datafield><datafield ind1=" " ind2=" " tag="260"><subfield code="a">Pontiac, Mich. :</subfield><subfield code="b">W.M. Thompson</subfield></datafield><datafield ind1=" " ind2=" " tag="300"><subfield code="a">v.</subfield></datafield><datafield ind1=" " ind2=" " tag="310"><subfield code="a">Weekly</subfield></datafield><datafield ind1="0" ind2=" " tag="362"><subfield code="a">Vol. 8, no. 17 (June 7, 1851)-v. 17, no. 31 (Aug. 10, 1860) = whole no. 381-whole no. 861.</subfield></datafield><datafield ind1=" " ind2=" " tag="500"><subfield code="a">Editor: W.M. Thompson, &lt;1852&gt;.</subfield></datafield><datafield ind1=" " ind2=" " tag="515"><subfield code="a">Numbering irregular.</subfield></datafield><datafield ind1=" " ind2="0" tag="651"><subfield code="a">Pontiac (Mich.)</subfield><subfield code="v">Newspapers.</subfield></datafield><datafield ind1=" " ind2="0" tag="651"><subfield code="a">Oakland County (Mich.)</subfield><subfield code="v">Newspapers.</subfield></datafield><datafield ind1=" " ind2="7" tag="655"><subfield code="a">Newspapers.</subfield><subfield code="2">fast</subfield><subfield code="0">(OCoLC)fst01423814</subfield></datafield><datafield ind1=" " ind2="7" tag="651"><subfield code="a">Michigan</subfield><subfield code="z">Oakland County.</subfield><subfield code="2">fast</subfield><subfield code="0">(OCoLC)fst01214740</subfield></datafield><datafield ind1=" " ind2="7" tag="651"><subfield code="a">Michigan</subfield><subfield code="z">Pontiac.</subfield><subfield code="2">fast</subfield><subfield code="0">(OCoLC)fst01215398</subfield></datafield><datafield ind1=" " ind2=" " tag="752"><subfield code="a">United States</subfield><subfield code="b">Michigan</subfield><subfield code="c">Oakland</subfield><subfield code="d">Pontiac.</subfield></datafield><datafield ind1="0" ind2="0" tag="780"><subfield code="t">Oakland gazette</subfield><subfield code="w">(DLC)sn 96077439</subfield><subfield code="w">(OCoLC)36150366</subfield></datafield><datafield ind1="0" ind2="0" tag="785"><subfield code="t">Pontiac weekly gazette (Pontiac, Mich. : 1860)</subfield><subfield code="w">(DLC)sn 85026549</subfield><subfield code="w">(OCoLC)12271757</subfield></datafield></record>